
%% Created for Jakob Suckale at 2007-09-06 11:30:44 +0200 


%% Saved with string encoding Unicode (UTF-8) 

@misc{hohpewoolf2003,
	author = "Gregor Hohpe, Bobby Woolf",
	title = "Enterprise Integration Patterns: Designing, Building, and Deploying Messaging Solutions",
	year = 2003,
	publisher = "Addison Wesley"
}

@misc{chappell2004,
	author= "David A. Chappell",
	title = "Enterprise Service Bus: Theory in Practice",
	year = 2004,
	publisher = "O'Reilly Media"

}

@misc{gaikwad2010,
	author = "Santosh Gaikwad, Bharti Gawali, Pravin Yannawar",
	title = "A Review on Speech Recognition Technique",
	year = 2010,
	publisher = "International Journal of Computer Applications November 2010"
}

@misc{douglas2002,
	author = "Douglas A. Reynolds",
	title = "An Overview of Automatic Speaker Recognition Technology",
	year = 2002,
	publisher = "IEEE International Conference"
}

@misc{noor2005,
	author = "Nawsher Ahmed Noor",
	title = "Bangla Optical Character Recognition",
	year = 2005,
	publisher = "Department of Computer Science and Engineering of BRAC University"
}

@misc{adamsresnik1997,
	author= "Philip Resnik, Gary Adams",
	title = "A Language Identification Application Built on the Java Client/Server Platform",
	year = 1997,
	publisher = "Department of Linguistics and UMIACS University of Maryland"
}

@misc{rehurek2009,
	author = "Radim Rehurek, Milan Kolkus",
	title = "Language Identi?cation on the Web: Extending the Dictionary Method",
	year = 2009,
	publisher = "Masaryk University in Brno"
}

@misc{fielding2000,
	author = "Roy Thomas Fielding",
	title = "chapter 5 from Architectural Styles and the Design of Network-based Software Architectures",
	year = 2000,
	publisher = "University Of California, Irvine"
}

@misc{hohpe2003,
	author = "Gregor Hohpe, Bobby Woolf",
	title = "Enterprise Integration Patterns: Designing, Building, and Deploying Messaging Solutions",
	year = 2003,
	publisher = "Addison-Wesley Professional"
}

@misc{ibsen2010,
	author = "Claus Ibsen, Jonathan Anstey",
	title = "Camel in Action",
	year = 2010,
	publisher = "Manning Publications"
}

@misc{bloch2008,
	author = "Joshua Bloch",
	title = "Effective Java (2nd Edition)",
	year = 2008,
	publisher = "Addison-Wesley"
}

@misc{gamma1995,
	author = "Erich Gamma, Richard Helm, Ralph Johnson, John M. Vlissides",
	title ="Design Patterns: Elements of Reusable Object-Oriented Software",
	year = 1995,
	publisher = "Addison-Wesley"
}


@misc{hall2011,
	author = "Richard Hall, Karl Pauls, Stuart McCulloch, David Savage ",
	title ="OSGi in Action: Creating Modular Applications in Java",
	year = 2011,
	publisher = "Manning Publications"
}

@misc{och2003,
	author = "Franz Josef Och",
	title = "Statistical Phrase-Based Translation",
	year = 2003,
	publisher = "University of Southern California"
}

@misc{ldaprfc1996, 
	title = "A String Representation of LDAP Search Filters",
	author = "T. Howes",
	year = 1996
}

@misc{camel2012,
	title = "oficjalna strona Apache Camel",
	howpublished = "\url{http://camel.apache.org}",
	year = 2012
}

@misc{jaxb2008, 
	title = "strona domowa JAXB",
	howpublished = "\url{http://jaxb.java.net}",
	year = 2008
}

@misc{eaipatterns, 
	title = "strona domowa EIP Patterns",
	howpublished = "\url{http://www.eaipatterns.com/toc.html}",
	year = 2003
}


@misc{fusehomepage2012, 
	title = "strona domowa Fuse ESB",
	howpublished = "\url{http://fusesource.com/docs/esb/}",
	year = 2012
}

@misc{ivonasite,
	title = "strona domowa Ivona TTS",
	howpublished = "\url{http://developer.ivona.com/overview}",
	year = 2012
}

@misc{freettssite,
	title = "strona domowa Free TTS",
	howpublished = "\url{http://freetts.sourceforge.net/docs/index.php}",
	year = 2012
}

@misc{googlegoggles,
	title = "strona domowa Google Goggles",
	howpublished = "\url{http://www.google.com/mobile/goggles/}",
	year = 2011
}

@misc{oddcasts,
	title = "strona domowa Oddcast Illustrated characters",
	howpublished = "\url{http://oddcast.com/technologies/illustrated/}",
	year = 2012
}

@misc{pediaphon,
	title = "strona domowa projektu Pediaphon",
	howpublished = "\url{http://www.pediaphon.org}",
	year = 2011
}

@misc{w3cweb,
	title = "strona domowa W3C",
	howpublished = "\url{http://www.w3.org/}",
	year = 2012
}